<record><leader>00000cas a22000007a 4500</leader><controlfield tag="001">18035486</controlfield><controlfield tag="008">880603d19601974txuwr ne      0    0eng d</controlfield><datafield ind1=" " ind2=" " tag="010"><subfield code="a">sn 88083626 </subfield></datafield><datafield ind1=" " ind2=" " tag="040"><subfield code="a">PPM</subfield><subfield code="b">eng</subfield><subfield code="c">PPM</subfield><subfield code="d">TXJ</subfield><subfield code="d">OCLCQ</subfield><subfield code="d">OCLCO</subfield></datafield><datafield ind1=" " ind2=" " tag="042"><subfield code="a">msc</subfield></datafield><datafield ind1=" " ind2=" " tag="043"><subfield code="a">n-us-tx</subfield></datafield><datafield ind1="0" ind2="4" tag="245"><subfield code="a">The Medina Valley &amp; county news bulletin.</subfield></datafield><datafield ind1=" " ind2=" " tag="260"><subfield code="a">Castroville, Tex. :</subfield><subfield code="b">Schott's Pub. Service Co.,</subfield><subfield code="c">1960-1974.</subfield></datafield><datafield ind1=" " ind2=" " tag="310"><subfield code="a">Weekly</subfield></datafield><datafield ind1="0" ind2=" " tag="362"><subfield code="a">Vol. 1, no. 1 (Feb. 3, 1960)-v. 16, no. 34 (Dec. 2, 1974).</subfield></datafield><datafield ind1=" " ind2="0" tag="651"><subfield code="a">Castroville (Tex.)</subfield><subfield code="v">Newspapers.</subfield></datafield><datafield ind1=" " ind2="0" tag="651"><subfield code="a">Medina Valley (Tex.)</subfield><subfield code="v">Newspapers.</subfield></datafield><datafield ind1=" " ind2=" " tag="752"><subfield code="a">United States</subfield><subfield code="b">Texas</subfield><subfield code="c">Medina</subfield><subfield code="d">Castroville.</subfield></datafield><datafield ind1="0" ind2="0" tag="780"><subfield code="t">Bulletin</subfield></datafield><datafield ind1="0" ind2="0" tag="785"><subfield code="t">News bulletin</subfield></datafield></record>